%YAML 1.1
%TAG !u! tag:unity3d.com,2011:
--- !u!1 &1431264555457392439
GameObject:
  m_ObjectHideFlags: 0
  m_CorrespondingSourceObject: {fileID: 0}
  m_PrefabInstance: {fileID: 0}
  m_PrefabAsset: {fileID: 0}
  serializedVersion: 6
  m_Component:
  - component: {fileID: 9014168547791734040}
  - component: {fileID: 6719503766122446132}
  - component: {fileID: -269005059688080272}
  m_Layer: 0
  m_Name: PF_Tile3
  m_TagString: Untagged
  m_Icon: {fileID: 0}
  m_NavMeshLayer: 0
  m_StaticEditorFlags: 0
  m_IsActive: 1
--- !u!4 &9014168547791734040
Transform:
  m_ObjectHideFlags: 0
  m_CorrespondingSourceObject: {fileID: 0}
  m_PrefabInstance: {fileID: 0}
  m_PrefabAsset: {fileID: 0}
  m_GameObject: {fileID: 1431264555457392439}
  serializedVersion: 2
  m_LocalRotation: {x: 0, y: 0, z: 0, w: 1}
  m_LocalPosition: {x: 0, y: 0, z: 0}
  m_LocalScale: {x: 1, y: 1, z: 1}
  m_ConstrainProportionsScale: 0
  m_Children:
  - {fileID: 1044664214403342489}
  - {fileID: 6187210509757701857}
  - {fileID: 3798197081230105869}
  m_Father: {fileID: 0}
  m_LocalEulerAnglesHint: {x: 0, y: 0, z: 0}
--- !u!114 &6719503766122446132
MonoBehaviour:
  m_ObjectHideFlags: 0
  m_CorrespondingSourceObject: {fileID: 0}
  m_PrefabInstance: {fileID: 0}
  m_PrefabAsset: {fileID: 0}
  m_GameObject: {fileID: 1431264555457392439}
  m_Enabled: 1
  m_EditorHideFlags: 0
  m_Script: {fileID: 11500000, guid: 7a5ac11cc976e418e8d13136b07e1f52, type: 3}
  m_Name: 
  m_EditorClassIdentifier: 
  m_AgentTypeID: 0
  m_CollectObjects: 0
  m_Size: {x: 10, y: 10, z: 10}
  m_Center: {x: 0, y: 2, z: 0}
  m_LayerMask:
    serializedVersion: 2
    m_Bits: 4294967295
  m_UseGeometry: 0
  m_DefaultArea: 0
  m_GenerateLinks: 0
  m_IgnoreNavMeshAgent: 1
  m_IgnoreNavMeshObstacle: 1
  m_OverrideTileSize: 0
  m_TileSize: 256
  m_OverrideVoxelSize: 0
  m_VoxelSize: 0.1
  m_MinRegionArea: 2
  m_NavMeshData: {fileID: 0}
  m_BuildHeightMesh: 0
--- !u!114 &-269005059688080272
MonoBehaviour:
  m_ObjectHideFlags: 0
  m_CorrespondingSourceObject: {fileID: 0}
  m_PrefabInstance: {fileID: 0}
  m_PrefabAsset: {fileID: 0}
  m_GameObject: {fileID: 1431264555457392439}
  m_Enabled: 1
  m_EditorHideFlags: 0
  m_Script: {fileID: 11500000, guid: 1f25b1ddd002f3c4aa7c30de50eed4fb, type: 3}
  m_Name: 
  m_EditorClassIdentifier: 
  type: 0
  gridPosition: {x: 0, y: 0, z: 0}
  EdgePrefab: {fileID: 8991758073495916417, guid: 53a8c7f6b2b33b848a1ce589387458bd,
    type: 3}
  edges:
  - {fileID: 2826538796736583404}
  - {fileID: 1503320022707054560}
  - {fileID: 1002005880546504322}
  - {fileID: 8509884598030825601}
  - {fileID: 88802273979429992}
  - {fileID: 2939345293247968254}
--- !u!1 &4890041345857203424
GameObject:
  m_ObjectHideFlags: 0
  m_CorrespondingSourceObject: {fileID: 0}
  m_PrefabInstance: {fileID: 0}
  m_PrefabAsset: {fileID: 0}
  serializedVersion: 6
  m_Component:
  - component: {fileID: 262223487984610229}
  - component: {fileID: 6062040013359309851}
  m_Layer: 0
  m_Name: Cylinder
  m_TagString: Untagged
  m_Icon: {fileID: 0}
  m_NavMeshLayer: 0
  m_StaticEditorFlags: 0
  m_IsActive: 1
--- !u!4 &262223487984610229
Transform:
  m_ObjectHideFlags: 0
  m_CorrespondingSourceObject: {fileID: 0}
  m_PrefabInstance: {fileID: 0}
  m_PrefabAsset: {fileID: 0}
  m_GameObject: {fileID: 4890041345857203424}
  serializedVersion: 2
  m_LocalRotation: {x: -0.5, y: -0, z: -0, w: 0.8660254}
  m_LocalPosition: {x: -0.012913522, y: -0.37305677, z: -0.08527867}
  m_LocalScale: {x: 0.39120263, y: 0.654037, z: 0.14463447}
  m_ConstrainProportionsScale: 0
  m_Children: []
  m_Father: {fileID: 6187210509757701857}
  m_LocalEulerAnglesHint: {x: 0, y: 0, z: 0}
--- !u!136 &6062040013359309851
CapsuleCollider:
  m_ObjectHideFlags: 0
  m_CorrespondingSourceObject: {fileID: 0}
  m_PrefabInstance: {fileID: 0}
  m_PrefabAsset: {fileID: 0}
  m_GameObject: {fileID: 4890041345857203424}
  m_Material: {fileID: 0}
  m_IncludeLayers:
    serializedVersion: 2
    m_Bits: 0
  m_ExcludeLayers:
    serializedVersion: 2
    m_Bits: 0
  m_LayerOverridePriority: 0
  m_IsTrigger: 0
  m_ProvidesContacts: 0
  m_Enabled: 1
  serializedVersion: 2
  m_Radius: 0.5000001
  m_Height: 2
  m_Direction: 1
  m_Center: {x: 0.000000059604645, y: 0, z: -0.00000008940697}
--- !u!1 &6512166444031992358
GameObject:
  m_ObjectHideFlags: 0
  m_CorrespondingSourceObject: {fileID: 0}
  m_PrefabInstance: {fileID: 0}
  m_PrefabAsset: {fileID: 0}
  serializedVersion: 6
  m_Component:
  - component: {fileID: 6187210509757701857}
  - component: {fileID: 5492060340320584634}
  - component: {fileID: 4299543628981834084}
  m_Layer: 0
  m_Name: Plant_1
  m_TagString: Untagged
  m_Icon: {fileID: 0}
  m_NavMeshLayer: 0
  m_StaticEditorFlags: 0
  m_IsActive: 0
--- !u!4 &6187210509757701857
Transform:
  m_ObjectHideFlags: 0
  m_CorrespondingSourceObject: {fileID: 0}
  m_PrefabInstance: {fileID: 0}
  m_PrefabAsset: {fileID: 0}
  m_GameObject: {fileID: 6512166444031992358}
  serializedVersion: 2
  m_LocalRotation: {x: 0.5, y: 0, z: 0, w: 0.8660254}
  m_LocalPosition: {x: 0.197, y: 0.266, z: 0.247}
  m_LocalScale: {x: 0.38719067, y: 1.0472608, z: 1.0472608}
  m_ConstrainProportionsScale: 0
  m_Children:
  - {fileID: 262223487984610229}
  m_Father: {fileID: 9014168547791734040}
  m_LocalEulerAnglesHint: {x: 60, y: 0, z: 0}
--- !u!33 &5492060340320584634
MeshFilter:
  m_ObjectHideFlags: 0
  m_CorrespondingSourceObject: {fileID: 0}
  m_PrefabInstance: {fileID: 0}
  m_PrefabAsset: {fileID: 0}
  m_GameObject: {fileID: 6512166444031992358}
  m_Mesh: {fileID: 10210, guid: 0000000000000000e000000000000000, type: 0}
--- !u!23 &4299543628981834084
MeshRenderer:
  m_ObjectHideFlags: 0
  m_CorrespondingSourceObject: {fileID: 0}
  m_PrefabInstance: {fileID: 0}
  m_PrefabAsset: {fileID: 0}
  m_GameObject: {fileID: 6512166444031992358}
  m_Enabled: 1
  m_CastShadows: 0
  m_ReceiveShadows: 1
  m_DynamicOccludee: 1
  m_StaticShadowCaster: 0
  m_MotionVectors: 1
  m_LightProbeUsage: 1
  m_ReflectionProbeUsage: 1
  m_RayTracingMode: 2
  m_RayTraceProcedural: 0
  m_RenderingLayerMask: 1
  m_RendererPriority: 0
  m_Materials:
  - {fileID: 2100000, guid: b598b4604382f1c42a418ce63566c798, type: 2}
  m_StaticBatchInfo:
    firstSubMesh: 0
    subMeshCount: 0
  m_StaticBatchRoot: {fileID: 0}
  m_ProbeAnchor: {fileID: 0}
  m_LightProbeVolumeOverride: {fileID: 0}
  m_ScaleInLightmap: 1
  m_ReceiveGI: 1
  m_PreserveUVs: 0
  m_IgnoreNormalsForChartDetection: 0
  m_ImportantGI: 0
  m_StitchLightmapSeams: 1
  m_SelectedEditorRenderState: 3
  m_MinimumChartSize: 4
  m_AutoUVMaxDistance: 0.5
  m_AutoUVMaxAngle: 89
  m_LightmapParameters: {fileID: 0}
  m_SortingLayerID: 0
  m_SortingLayer: 0
  m_SortingOrder: 0
  m_AdditionalVertexStreams: {fileID: 0}
--- !u!1001 &717723721580644210
PrefabInstance:
  m_ObjectHideFlags: 0
  serializedVersion: 2
  m_Modification:
    serializedVersion: 3
    m_TransformParent: {fileID: 9014168547791734040}
    m_Modifications:
    - target: {fileID: -8679921383154817045, guid: acec34b072d89ec4d9bbc731788b3af7,
        type: 3}
      propertyPath: m_LocalScale.x
      value: 50
      objectReference: {fileID: 0}
    - target: {fileID: -8679921383154817045, guid: acec34b072d89ec4d9bbc731788b3af7,
        type: 3}
      propertyPath: m_LocalScale.y
      value: 50
      objectReference: {fileID: 0}
    - target: {fileID: -8679921383154817045, guid: acec34b072d89ec4d9bbc731788b3af7,
        type: 3}
      propertyPath: m_LocalScale.z
      value: 50
      objectReference: {fileID: 0}
    - target: {fileID: -8679921383154817045, guid: acec34b072d89ec4d9bbc731788b3af7,
        type: 3}
      propertyPath: m_LocalPosition.x
      value: -0
      objectReference: {fileID: 0}
    - target: {fileID: -8679921383154817045, guid: acec34b072d89ec4d9bbc731788b3af7,
        type: 3}
      propertyPath: m_LocalPosition.y
      value: 0
      objectReference: {fileID: 0}
    - target: {fileID: -8679921383154817045, guid: acec34b072d89ec4d9bbc731788b3af7,
        type: 3}
      propertyPath: m_LocalPosition.z
      value: 0
      objectReference: {fileID: 0}
    - target: {fileID: -8679921383154817045, guid: acec34b072d89ec4d9bbc731788b3af7,
        type: 3}
      propertyPath: m_LocalRotation.w
      value: 1
      objectReference: {fileID: 0}
    - target: {fileID: -8679921383154817045, guid: acec34b072d89ec4d9bbc731788b3af7,
        type: 3}
      propertyPath: m_LocalRotation.x
      value: 0
      objectReference: {fileID: 0}
    - target: {fileID: -8679921383154817045, guid: acec34b072d89ec4d9bbc731788b3af7,
        type: 3}
      propertyPath: m_LocalRotation.y
      value: 0
      objectReference: {fileID: 0}
    - target: {fileID: -8679921383154817045, guid: acec34b072d89ec4d9bbc731788b3af7,
        type: 3}
      propertyPath: m_LocalRotation.z
      value: 0
      objectReference: {fileID: 0}
    - target: {fileID: -8679921383154817045, guid: acec34b072d89ec4d9bbc731788b3af7,
        type: 3}
      propertyPath: m_LocalEulerAnglesHint.x
      value: 0
      objectReference: {fileID: 0}
    - target: {fileID: -8679921383154817045, guid: acec34b072d89ec4d9bbc731788b3af7,
        type: 3}
      propertyPath: m_LocalEulerAnglesHint.y
      value: 0
      objectReference: {fileID: 0}
    - target: {fileID: -8679921383154817045, guid: acec34b072d89ec4d9bbc731788b3af7,
        type: 3}
      propertyPath: m_LocalEulerAnglesHint.z
      value: 0
      objectReference: {fileID: 0}
    - target: {fileID: -7511558181221131132, guid: acec34b072d89ec4d9bbc731788b3af7,
        type: 3}
      propertyPath: m_Materials.Array.data[0]
      value: 
      objectReference: {fileID: 2100000, guid: b8c44c58674c73e4b95cb106b44d8e5d, type: 2}
    - target: {fileID: 919132149155446097, guid: acec34b072d89ec4d9bbc731788b3af7,
        type: 3}
      propertyPath: m_Name
      value: Tile
      objectReference: {fileID: 0}
    m_RemovedComponents: []
    m_RemovedGameObjects: []
    m_AddedGameObjects: []
    m_AddedComponents:
    - targetCorrespondingSourceObject: {fileID: 919132149155446097, guid: acec34b072d89ec4d9bbc731788b3af7,
        type: 3}
      insertIndex: -1
      addedObject: {fileID: 1318824023796992984}
  m_SourcePrefab: {fileID: 100100000, guid: acec34b072d89ec4d9bbc731788b3af7, type: 3}
--- !u!1 &375122847017908771 stripped
GameObject:
  m_CorrespondingSourceObject: {fileID: 919132149155446097, guid: acec34b072d89ec4d9bbc731788b3af7,
    type: 3}
  m_PrefabInstance: {fileID: 717723721580644210}
  m_PrefabAsset: {fileID: 0}
--- !u!64 &1318824023796992984
MeshCollider:
  m_ObjectHideFlags: 0
  m_CorrespondingSourceObject: {fileID: 0}
  m_PrefabInstance: {fileID: 0}
  m_PrefabAsset: {fileID: 0}
  m_GameObject: {fileID: 375122847017908771}
  m_Material: {fileID: 0}
  m_IncludeLayers:
    serializedVersion: 2
    m_Bits: 0
  m_ExcludeLayers:
    serializedVersion: 2
    m_Bits: 0
  m_LayerOverridePriority: 0
  m_IsTrigger: 0
  m_ProvidesContacts: 0
  m_Enabled: 1
  serializedVersion: 5
  m_Convex: 0
  m_CookingOptions: 30
  m_Mesh: {fileID: -2124705421725058983, guid: acec34b072d89ec4d9bbc731788b3af7, type: 3}
--- !u!4 &1044664214403342489 stripped
Transform:
  m_CorrespondingSourceObject: {fileID: -8679921383154817045, guid: acec34b072d89ec4d9bbc731788b3af7,
    type: 3}
  m_PrefabInstance: {fileID: 717723721580644210}
  m_PrefabAsset: {fileID: 0}
--- !u!1001 &3692759702344055526
PrefabInstance:
  m_ObjectHideFlags: 0
  serializedVersion: 2
  m_Modification:
    serializedVersion: 3
    m_TransformParent: {fileID: 9014168547791734040}
    m_Modifications:
    - target: {fileID: -8679921383154817045, guid: 2db44a49f76e64e4cb9436cf54cfcef0,
        type: 3}
      propertyPath: m_LocalScale.x
      value: 0.50503
      objectReference: {fileID: 0}
    - target: {fileID: -8679921383154817045, guid: 2db44a49f76e64e4cb9436cf54cfcef0,
        type: 3}
      propertyPath: m_LocalScale.y
      value: 0.50503
      objectReference: {fileID: 0}
    - target: {fileID: -8679921383154817045, guid: 2db44a49f76e64e4cb9436cf54cfcef0,
        type: 3}
      propertyPath: m_LocalScale.z
      value: 0.50503
      objectReference: {fileID: 0}
    - target: {fileID: -8679921383154817045, guid: 2db44a49f76e64e4cb9436cf54cfcef0,
        type: 3}
      propertyPath: m_LocalPosition.x
      value: 0
      objectReference: {fileID: 0}
    - target: {fileID: -8679921383154817045, guid: 2db44a49f76e64e4cb9436cf54cfcef0,
        type: 3}
      propertyPath: m_LocalPosition.y
      value: 0.01
      objectReference: {fileID: 0}
    - target: {fileID: -8679921383154817045, guid: 2db44a49f76e64e4cb9436cf54cfcef0,
        type: 3}
      propertyPath: m_LocalPosition.z
      value: 0
      objectReference: {fileID: 0}
    - target: {fileID: -8679921383154817045, guid: 2db44a49f76e64e4cb9436cf54cfcef0,
        type: 3}
      propertyPath: m_LocalRotation.w
      value: 0.707109
      objectReference: {fileID: 0}
    - target: {fileID: -8679921383154817045, guid: 2db44a49f76e64e4cb9436cf54cfcef0,
        type: 3}
      propertyPath: m_LocalRotation.x
      value: 0.7071046
      objectReference: {fileID: 0}
    - target: {fileID: -8679921383154817045, guid: 2db44a49f76e64e4cb9436cf54cfcef0,
        type: 3}
      propertyPath: m_LocalRotation.y
      value: -0
      objectReference: {fileID: 0}
    - target: {fileID: -8679921383154817045, guid: 2db44a49f76e64e4cb9436cf54cfcef0,
        type: 3}
      propertyPath: m_LocalRotation.z
      value: -0
      objectReference: {fileID: 0}
    - target: {fileID: -8679921383154817045, guid: 2db44a49f76e64e4cb9436cf54cfcef0,
        type: 3}
      propertyPath: m_LocalEulerAnglesHint.x
      value: 90
      objectReference: {fileID: 0}
    - target: {fileID: -8679921383154817045, guid: 2db44a49f76e64e4cb9436cf54cfcef0,
        type: 3}
      propertyPath: m_LocalEulerAnglesHint.y
      value: 0
      objectReference: {fileID: 0}
    - target: {fileID: -8679921383154817045, guid: 2db44a49f76e64e4cb9436cf54cfcef0,
        type: 3}
      propertyPath: m_LocalEulerAnglesHint.z
      value: 0
      objectReference: {fileID: 0}
    - target: {fileID: -7780334025498940406, guid: 2db44a49f76e64e4cb9436cf54cfcef0,
        type: 3}
      propertyPath: m_Name
      value: E
      objectReference: {fileID: 0}
    - target: {fileID: -7208583384126535400, guid: 2db44a49f76e64e4cb9436cf54cfcef0,
        type: 3}
      propertyPath: m_Name
      value: SE
      objectReference: {fileID: 0}
    - target: {fileID: -5008587159126953196, guid: 2db44a49f76e64e4cb9436cf54cfcef0,
        type: 3}
      propertyPath: m_Materials.Array.data[0]
      value: 
      objectReference: {fileID: 2100000, guid: 0171cdb58f154d24ba06e07c5f976f3c, type: 2}
    - target: {fileID: -4694854829094497180, guid: 2db44a49f76e64e4cb9436cf54cfcef0,
        type: 3}
      propertyPath: m_Name
      value: NW
      objectReference: {fileID: 0}
    - target: {fileID: 919132149155446097, guid: 2db44a49f76e64e4cb9436cf54cfcef0,
        type: 3}
      propertyPath: m_Name
      value: Raw_Edges
      objectReference: {fileID: 0}
    - target: {fileID: 1241013042125260394, guid: 2db44a49f76e64e4cb9436cf54cfcef0,
        type: 3}
      propertyPath: m_Materials.Array.data[0]
      value: 
      objectReference: {fileID: 2100000, guid: 0171cdb58f154d24ba06e07c5f976f3c, type: 2}
    - target: {fileID: 2874295996223298822, guid: 2db44a49f76e64e4cb9436cf54cfcef0,
        type: 3}
      propertyPath: m_Name
      value: NE
      objectReference: {fileID: 0}
    - target: {fileID: 2874295996223298822, guid: 2db44a49f76e64e4cb9436cf54cfcef0,
        type: 3}
      propertyPath: m_IsActive
      value: 1
      objectReference: {fileID: 0}
    - target: {fileID: 3580111600050878914, guid: 2db44a49f76e64e4cb9436cf54cfcef0,
        type: 3}
      propertyPath: m_Materials.Array.data[0]
      value: 
      objectReference: {fileID: 2100000, guid: 0171cdb58f154d24ba06e07c5f976f3c, type: 2}
    - target: {fileID: 3604054327147253390, guid: 2db44a49f76e64e4cb9436cf54cfcef0,
        type: 3}
      propertyPath: m_Name
      value: SW
      objectReference: {fileID: 0}
    - target: {fileID: 4982810320929669735, guid: 2db44a49f76e64e4cb9436cf54cfcef0,
        type: 3}
      propertyPath: m_Name
      value: W
      objectReference: {fileID: 0}
    - target: {fileID: 5471587925686075936, guid: 2db44a49f76e64e4cb9436cf54cfcef0,
        type: 3}
      propertyPath: m_Materials.Array.data[0]
      value: 
      objectReference: {fileID: 2100000, guid: 0171cdb58f154d24ba06e07c5f976f3c, type: 2}
    - target: {fileID: 8106290534330771946, guid: 2db44a49f76e64e4cb9436cf54cfcef0,
        type: 3}
      propertyPath: m_Materials.Array.data[0]
      value: 
      objectReference: {fileID: 2100000, guid: 0171cdb58f154d24ba06e07c5f976f3c, type: 2}
    - target: {fileID: 8729921758559698964, guid: 2db44a49f76e64e4cb9436cf54cfcef0,
        type: 3}
      propertyPath: m_Materials.Array.data[0]
      value: 
      objectReference: {fileID: 2100000, guid: 0171cdb58f154d24ba06e07c5f976f3c, type: 2}
    m_RemovedComponents: []
    m_RemovedGameObjects: []
    m_AddedGameObjects: []
    m_AddedComponents: []
  m_SourcePrefab: {fileID: 100100000, guid: 2db44a49f76e64e4cb9436cf54cfcef0, type: 3}
--- !u!1 &88802273979429992 stripped
GameObject:
  m_CorrespondingSourceObject: {fileID: 3604054327147253390, guid: 2db44a49f76e64e4cb9436cf54cfcef0,
    type: 3}
  m_PrefabInstance: {fileID: 3692759702344055526}
  m_PrefabAsset: {fileID: 0}
--- !u!1 &1002005880546504322 stripped
GameObject:
  m_CorrespondingSourceObject: {fileID: -4694854829094497180, guid: 2db44a49f76e64e4cb9436cf54cfcef0,
    type: 3}
  m_PrefabInstance: {fileID: 3692759702344055526}
  m_PrefabAsset: {fileID: 0}
--- !u!1 &1503320022707054560 stripped
GameObject:
  m_CorrespondingSourceObject: {fileID: 2874295996223298822, guid: 2db44a49f76e64e4cb9436cf54cfcef0,
    type: 3}
  m_PrefabInstance: {fileID: 3692759702344055526}
  m_PrefabAsset: {fileID: 0}
--- !u!1 &2826538796736583404 stripped
GameObject:
  m_CorrespondingSourceObject: {fileID: -7780334025498940406, guid: 2db44a49f76e64e4cb9436cf54cfcef0,
    type: 3}
  m_PrefabInstance: {fileID: 3692759702344055526}
  m_PrefabAsset: {fileID: 0}
--- !u!1 &2939345293247968254 stripped
GameObject:
  m_CorrespondingSourceObject: {fileID: -7208583384126535400, guid: 2db44a49f76e64e4cb9436cf54cfcef0,
    type: 3}
  m_PrefabInstance: {fileID: 3692759702344055526}
  m_PrefabAsset: {fileID: 0}
--- !u!4 &3798197081230105869 stripped
Transform:
  m_CorrespondingSourceObject: {fileID: -8679921383154817045, guid: 2db44a49f76e64e4cb9436cf54cfcef0,
    type: 3}
  m_PrefabInstance: {fileID: 3692759702344055526}
  m_PrefabAsset: {fileID: 0}
--- !u!1 &8509884598030825601 stripped
GameObject:
  m_CorrespondingSourceObject: {fileID: 4982810320929669735, guid: 2db44a49f76e64e4cb9436cf54cfcef0,
    type: 3}
  m_PrefabInstance: {fileID: 3692759702344055526}
  m_PrefabAsset: {fileID: 0}
